<record><leader>00000cas a22000007a 4500</leader><controlfield tag="001">1755035</controlfield><controlfield tag="008">751101d19051969mnuwr ne      0    0eng d</controlfield><datafield ind1=" " ind2=" " tag="010"><subfield code="a">sn 90060881 </subfield></datafield><datafield ind1=" " ind2=" " tag="040"><subfield code="a">MUL</subfield><subfield code="b">eng</subfield><subfield code="c">MUL</subfield><subfield code="d">MN#</subfield><subfield code="d">OCL</subfield><subfield code="d">OCLCQ</subfield><subfield code="d">OCLCF</subfield><subfield code="d">OCLCO</subfield></datafield><datafield ind1="1" ind2=" " tag="029"><subfield code="a">AU@</subfield><subfield code="b">000025849010</subfield></datafield><datafield ind1=" " ind2=" " tag="042"><subfield code="a">msc</subfield></datafield><datafield ind1=" " ind2=" " tag="043"><subfield code="a">n-us-mn</subfield></datafield><datafield ind1=" " ind2=" " tag="052"><subfield code="a">4144</subfield><subfield code="b">K25</subfield></datafield><datafield ind1=" " ind2=" " tag="052"><subfield code="a">4143</subfield><subfield code="b">K5</subfield></datafield><datafield ind1="0" ind2="0" tag="245"><subfield code="a">Karlstad advocate.</subfield></datafield><datafield ind1=" " ind2=" " tag="260"><subfield code="a">Karlstad, Kittson County, Minn. :</subfield><subfield code="b">C.J. Forsberg Land &amp; Loan Co.,</subfield><subfield code="c">1905-1969.</subfield></datafield><datafield ind1=" " ind2=" " tag="300"><subfield code="a">65 v.</subfield></datafield><datafield ind1=" " ind2=" " tag="310"><subfield code="a">Weekly</subfield></datafield><datafield ind1="0" ind2=" " tag="362"><subfield code="a">Vol. 5, no. 5 (July 19, 1905)-v. 69, no. 13 (Apr. 3, 1967 [i.e. 1969]).</subfield></datafield><datafield ind1=" " ind2=" " tag="530"><subfield code="a">Available on microfilm from the Minnesota Historical Society.</subfield></datafield><datafield ind1=" " ind2=" " tag="580"><subfield code="a">Merged with: Lancaster herald (Lancaster, Minn.), and: Lake Bronson budget, and: Kennedy star, to form: North Star news (Karlstad, Minn.).</subfield></datafield><datafield ind1=" " ind2="0" tag="651"><subfield code="a">Karlstad (Minn.)</subfield><subfield code="v">Newspapers.</subfield></datafield><datafield ind1=" " ind2="7" tag="655"><subfield code="a">Newspapers.</subfield><subfield code="2">fast</subfield><subfield code="0">(OCoLC)fst01423814</subfield></datafield><datafield ind1=" " ind2="7" tag="651"><subfield code="a">Minnesota</subfield><subfield code="z">Karlstad.</subfield><subfield code="2">fast</subfield><subfield code="0">(OCoLC)fst01247245</subfield></datafield><datafield ind1=" " ind2=" " tag="752"><subfield code="a">United States</subfield><subfield code="b">Minnesota</subfield><subfield code="c">Kittson</subfield><subfield code="d">Karlstad.</subfield></datafield><datafield ind1="0" ind2="0" tag="780"><subfield code="t">Pelan advocate</subfield><subfield code="w">(DLC)sn 90060878</subfield></datafield><datafield ind1="0" ind2="5" tag="780"><subfield code="t">Karlstad news</subfield><subfield code="w">(DLC)sn 90060879</subfield></datafield><datafield ind1="1" ind2="7" tag="785"><subfield code="t">Lancaster heralder (Lancaster, Minn.)</subfield><subfield code="w">(DLC)sn 90060882</subfield></datafield><datafield ind1="1" ind2="7" tag="785"><subfield code="t">Lake Bronson budget</subfield><subfield code="w">(DLC)sn 90060873</subfield></datafield><datafield ind1="1" ind2="7" tag="785"><subfield code="t">Kennedy star</subfield><subfield code="w">(DLC)sn 90060904</subfield></datafield><datafield ind1="1" ind2="7" tag="785"><subfield code="t">North Star news (Karlstad, Minn.)</subfield><subfield code="w">(DLC)sn 90060883</subfield></datafield></record>